<collection xmlns="http://www.loc.gov/MARC21/slim">
<record>
  <leader>01858nam0a22003371i 450 </leader>
  <controlfield tag="001">IT\ICCU\CNCE\068882</controlfield>
  <controlfield tag="005">20110215000000.0</controlfield>
  <datafield tag="012" ind1=" " ind2=" ">
    <subfield code="a">iais utx- umm, uocu (3) 1560 (R)</subfield>
    <subfield code="2">fei</subfield>
  </datafield>
  <datafield tag="100" ind1=" " ind2=" ">
    <subfield code="a">20061122d1560        0itac0103    ba</subfield>
  </datafield>
  <datafield tag="101" ind1=" " ind2=" ">
    <subfield code="a">LAT</subfield>
  </datafield>
  <datafield tag="102" ind1=" " ind2=" ">
    <subfield code="a">IT</subfield>
  </datafield>
  <datafield tag="200" ind1="1" ind2=" ">
    <subfield code="a">℗Thomae philologi Rauennatis medici clarissimi, ℗De vita hominis vltra CXX annos protrahenda</subfield>
  </datafield>
  <datafield tag="210" ind1=" " ind2=" ">
    <subfield code="a">Venetijs</subfield>
    <subfield code="c">apud Andream Arriuabenum</subfield>
    <subfield code="d">1560</subfield>
  </datafield>
  <datafield tag="215" ind1=" " ind2=" ">
    <subfield code="a">\4!, 115 \i.e. 120! c.</subfield>
    <subfield code="d">4ʻ</subfield>
  </datafield>
  <datafield tag="620" ind1=" " ind2=" ">
    <subfield code="a">IT</subfield>
    <subfield code="d">Venezia</subfield>
  </datafield>
  <datafield tag="700" ind1=" " ind2="1">
    <subfield code="a">Giannotti Rangoni,</subfield>
    <subfield code="b">Tommaso</subfield>
    <subfield code="3">IT\ICCU\CNCA\016600</subfield>
  </datafield>
  <datafield tag="712" ind1="0" ind2="0">
    <subfield code="a">Arrivabene, Andrea</subfield>
    <subfield code="3">IT\ICCU\CNCT\000103</subfield>
    <subfield code="4">650</subfield>
  </datafield>
  <datafield tag="790" ind1=" " ind2="1">
    <subfield code="a">Rangoni,</subfield>
    <subfield code="b">Tommaso</subfield>
    <subfield code="3">IT\ICCU\CNCA\016601</subfield>
    <subfield code="z">Giannotti Rangoni, Tommaso</subfield>
  </datafield>
  <datafield tag="790" ind1=" " ind2="0">
    <subfield code="a">Thomas</subfield>
    <subfield code="c"> : Philologus</subfield>
    <subfield code="3">IT\ICCU\CNCA\016602</subfield>
    <subfield code="z">Giannotti Rangoni, Tommaso</subfield>
  </datafield>
  <datafield tag="790" ind1=" " ind2="1">
    <subfield code="a">Rangone,</subfield>
    <subfield code="b">Tommaso</subfield>
    <subfield code="3">IT\ICCU\CNCA\023963</subfield>
    <subfield code="z">Giannotti Rangoni, Tommaso</subfield>
  </datafield>
  <datafield tag="790" ind1=" " ind2="0">
    <subfield code="a">Tommaso</subfield>
    <subfield code="c"> : Filologo</subfield>
    <subfield code="3">IT\ICCU\CNCA\023965</subfield>
    <subfield code="z">Giannotti Rangoni, Tommaso</subfield>
  </datafield>
  <datafield tag="790" ind1=" " ind2="1">
    <subfield code="a">Ianothus,</subfield>
    <subfield code="b">Thomas Philologus</subfield>
    <subfield code="3">IT\ICCU\CNCA\030064</subfield>
    <subfield code="z">Giannotti Rangoni, Tommaso</subfield>
  </datafield>
  <datafield tag="791" ind1="0" ind2="2">
    <subfield code="a">℗Al segno del ℗Pozzo</subfield>
    <subfield code="3">IT\ICCU\CNCT\003058</subfield>
    <subfield code="z">Arrivabene, Andrea</subfield>
  </datafield>
  <datafield tag="791" ind1="0" ind2="0">
    <subfield code="a">Arrivabenus, Andreas</subfield>
    <subfield code="3">IT\ICCU\CNCT\004259</subfield>
    <subfield code="z">Arrivabene, Andrea</subfield>
  </datafield>
  <datafield tag="791" ind1="0" ind2="0">
    <subfield code="a">Rivabenus, Andreas</subfield>
    <subfield code="3">IT\ICCU\CNCT\004260</subfield>
    <subfield code="z">Arrivabene, Andrea</subfield>
  </datafield>
  <datafield tag="801" ind1=" " ind2="3">
    <subfield code="a">IT</subfield>
    <subfield code="b">ICCU</subfield>
    <subfield code="c">20201115</subfield>
  </datafield>
  <datafield tag="899" ind1=" " ind2=" ">
    <subfield code="a">Biblioteca Apostolica Vaticana. Citt ̉del Vaticano</subfield>
    <subfield code="1">EX0001</subfield>
    <subfield code="2">ZCV 01</subfield>
  </datafield>
  <datafield tag="899" ind1=" " ind2=" ">
    <subfield code="a">Biblioteca comunale Passerini Landi. Piacenza</subfield>
    <subfield code="1">PC0030</subfield>
    <subfield code="2">PIA PL</subfield>
  </datafield>
  <datafield tag="899" ind1=" " ind2=" ">
    <subfield code="a">British Library. London</subfield>
    <subfield code="1">UK0001</subfield>
  </datafield>
  <datafield tag="911" ind1=" " ind2=" ">
    <subfield code="a">Sul front.</subfield>
    <subfield code="9">IT\ICCU\CNCM\000233</subfield>
  </datafield>
  <datafield tag="921" ind1=" " ind2=" ">
    <subfield code="a">IT\ICCU\CNCM\000233</subfield>
    <subfield code="b">Samaritana al pozzo offre da bere a Ges.̮ Citt ̉sullo sfondo.</subfield>
    <subfield code="e">1) Quicunque biberit ex hac aqua, non sitiet in aeternum. 2) O voi tutti che havete sete venite a&apos; l&apos;acque</subfield>
    <subfield code="c">Q30</subfield>
    <subfield code="c">Z981</subfield>
    <subfield code="d">Dimensioni: 8,2 x 8,2</subfield>
    <subfield code="f">CITTA</subfield>
    <subfield code="f">GESU</subfield>
    <subfield code="f">POZZO</subfield>
    <subfield code="f">QUICUNQUEB</subfield>
    <subfield code="f">SAMARITANA</subfield>
    <subfield code="g">[1547]-[1567?]</subfield>
  </datafield>
</record>
</collection>
